@inbook{mcquarrie,
  author = {Donald A. McQuarrie},
  title = {Quantum Chemistry},
  publisher = "University Science Book",
  year      =  2008,
  pages = {p.584-587},
}
@book{engel,
  author = {Thomas Engel},
  title = {Quantum Chemistry \& Spectroscopy},
  publisher = "Pearson",
  year      =  2013,
}

@book{atkins,
  author = {Peter Atkins and Ronald Friedman},
  title = {Molecular Quantum Mechanics},
  publisher = "Oxford",
  year      =  2005,
}

@article{doi:10.1021/om00036a047,
author = {Chamizo, Jose A. and Morgado, Jorge and Sosa, Plinio},
title = {Organometallic aromaticity},
journal = {Organometallics},
volume = {12},
number = {12},
pages = {5005-5007},
year = {1993},
doi = {10.1021/om00036a047}
}

@online{pyscf,
title = {The Python-based Simulations of Chemistry Framework},
url = {pyscf.org},
note = {Visit√© le 22 mai 2022.}
}